
@book{1,
  title={{Computational intelligence, second edition}},
  author={Andries P. Engelbrecht},
  isbn={978-0-470-03561-0},
  year={2007},
}
}
@misc{2,
title = {{Multi-objective Solution of Traveling
Salesman Problem with Time}},
note = {on-line at: \url{https://www.researchgate.net/publication/331824516_Multi-objective_Solution_of_Traveling_Salesman_Problem_with_Time?fbclid=IwAR2vnsmFLYhjphtIPyrfIbbMHMgbp4Wuc4n3jmF00jPC5raP1VGfYchJtCA}},
    author = { Ibrahim A. Hameed },
    year = {2020}
}


@misc{3,
title = {{A hybrid genetic algorithm for solving bi-objectivetraveling salesman problems}},
note = {on-line at: \url{https://iopscience.iop.org/article/10.1088/1742-6596/887/1/012065/pdf?fbclid=IwAR2o9DPMsVBKjzJBgRS_ez-rwYbGRKSGOJZ8eOfRWtsgQkzL4qilV75-CiM}},
    author = { Mei Ma and Hecheng Li },
    year = {2017}
}
@misc{4,
title = {{An efficient genetic algorithm for multi-objective solid travelling salesman problem under fuzziness}},
note = {on-line at: \url{https://www.sciencedirect.com/science/article/abs/pii/S2210650213000679?fbclid=IwAR3bJlMb-0O51Up-kRFKaJQ3brZ9Z4cMRAaqPsdNxqmj8XkXrBuVipnF5L0}},
    author = {Chiranjit Changdara, G.S.Mahapatrab, RajatKumar Palc  },
    year = {2014}
}
